<record><leader>00000cas a2200000 a 4500</leader><controlfield tag="001">24942058</controlfield><controlfield tag="008">911212d19041912utuwr ne      |   a0eng  </controlfield><controlfield tag="009">1309</controlfield><datafield ind1=" " ind2=" " tag="010"><subfield code="a">  2010218520</subfield></datafield><datafield ind1=" " ind2=" " tag="040"><subfield code="a">UUS</subfield><subfield code="b">eng</subfield><subfield code="c">UUS</subfield><subfield code="d">OCLCQ</subfield><subfield code="d">KRTAS</subfield><subfield code="d">DLC</subfield><subfield code="d">OCLCA</subfield><subfield code="d">OCLCF</subfield></datafield><datafield ind1=" " ind2=" " tag="012"><subfield code="l">a</subfield></datafield><datafield ind1="0" ind2=" " tag="022"><subfield code="a">2163-6745</subfield><subfield code="2">1</subfield></datafield><datafield ind1=" " ind2=" " tag="042"><subfield code="a">pcc</subfield><subfield code="a">nsdp</subfield></datafield><datafield ind1=" " ind2=" " tag="043"><subfield code="a">n-us-ut</subfield></datafield><datafield ind1="0" ind2="0" tag="050"><subfield code="a">Newspaper</subfield></datafield><datafield ind1="1" ind2="4" tag="050"><subfield code="a">S561.6.U8</subfield><subfield code="b">D47</subfield></datafield><datafield ind1="1" ind2="0" tag="082"><subfield code="a">070</subfield><subfield code="2">14</subfield></datafield><datafield ind1=" " ind2="0" tag="222"><subfield code="a">Deseret farmer</subfield></datafield><datafield ind1="0" ind2="0" tag="245"><subfield code="a">Deseret farmer.</subfield></datafield><datafield ind1=" " ind2=" " tag="260"><subfield code="a">Provo, Utah :</subfield><subfield code="b">Deseret Farmer Pub. Co.,</subfield><subfield code="c">1904-1912.</subfield></datafield><datafield ind1=" " ind2=" " tag="300"><subfield code="a">v. :</subfield><subfield code="b">ill. ;</subfield><subfield code="c">33-35 cm.</subfield></datafield><datafield ind1=" " ind2=" " tag="310"><subfield code="a">Weekly</subfield></datafield><datafield ind1="0" ind2=" " tag="362"><subfield code="a">Vol. 1, no. 1 (July 14, 1904) - v.7, no. 38 (June 8, 1912).</subfield></datafield><datafield ind1=" " ind2=" " tag="500"><subfield code="a">Place of publication varies.</subfield></datafield><datafield ind1=" " ind2=" " tag="515"><subfield code="a">Numbering irregular: Vol. 8, no. 14-18 repeated; v. 8, no. 22-38 called v. 7, no. 22-38.</subfield></datafield><datafield ind1=" " ind2=" " tag="530"><subfield code="a">Archived issues are available in digital format as part of the Library of Congress Chronicling America online collection.</subfield></datafield><datafield ind1=" " ind2=" " tag="550"><subfield code="a">"Official organ Agricultural College Extension Department."</subfield></datafield><datafield ind1=" " ind2=" " tag="555"><subfield code="a">Annual subject indexes.</subfield></datafield><datafield ind1=" " ind2=" " tag="580"><subfield code="a">Merged with: Rocky Mountian farming, to form: Utah farmer.</subfield></datafield><datafield ind1=" " ind2="0" tag="650"><subfield code="a">Agriculture</subfield><subfield code="z">Utah.</subfield></datafield><datafield ind1=" " ind2="0" tag="650"><subfield code="a">Farmers</subfield><subfield code="z">Utah.</subfield></datafield><datafield ind1=" " ind2="0" tag="650"><subfield code="a">Farm management</subfield><subfield code="z">Utah.</subfield></datafield><datafield ind1=" " ind2="0" tag="650"><subfield code="a">Farm produce</subfield><subfield code="z">Utah.</subfield></datafield><datafield ind1=" " ind2="0" tag="650"><subfield code="a">Farmers' spouses</subfield><subfield code="z">Utah.</subfield></datafield><datafield ind1=" " ind2="0" tag="651"><subfield code="a">Provo (Utah)</subfield><subfield code="v">Newspapers.</subfield></datafield><datafield ind1=" " ind2="7" tag="655"><subfield code="a">Newspapers.</subfield><subfield code="2">fast</subfield><subfield code="0">(OCoLC)fst01423814</subfield></datafield><datafield ind1=" " ind2="7" tag="650"><subfield code="a">Agriculture.</subfield><subfield code="2">fast</subfield><subfield code="0">(OCoLC)fst00801355</subfield></datafield><datafield ind1=" " ind2="7" tag="650"><subfield code="a">Farm management.</subfield><subfield code="2">fast</subfield><subfield code="0">(OCoLC)fst00921070</subfield></datafield><datafield ind1=" " ind2="7" tag="650"><subfield code="a">Farm produce.</subfield><subfield code="2">fast</subfield><subfield code="0">(OCoLC)fst00921161</subfield></datafield><datafield ind1=" " ind2="7" tag="650"><subfield code="a">Farmers.</subfield><subfield code="2">fast</subfield><subfield code="0">(OCoLC)fst00921321</subfield></datafield><datafield ind1=" " ind2="7" tag="650"><subfield code="a">Farmers' spouses.</subfield><subfield code="2">fast</subfield><subfield code="0">(OCoLC)fst00921399</subfield></datafield><datafield ind1=" " ind2="7" tag="651"><subfield code="a">Utah.</subfield><subfield code="2">fast</subfield><subfield code="0">(OCoLC)fst01204563</subfield></datafield><datafield ind1=" " ind2="7" tag="651"><subfield code="a">Utah</subfield><subfield code="z">Provo.</subfield><subfield code="2">fast</subfield><subfield code="0">(OCoLC)fst01204536</subfield></datafield><datafield ind1="2" ind2=" " tag="710"><subfield code="a">Utah State University.</subfield><subfield code="b">Cooperative Extension Service.</subfield></datafield><datafield ind1=" " ind2=" " tag="752"><subfield code="a">United States</subfield><subfield code="b">Utah</subfield><subfield code="d">Provo.</subfield></datafield><datafield ind1="1" ind2="7" tag="785"><subfield code="t">Rocky Mountain Farming</subfield><subfield code="w">(OCoLC)24856329</subfield></datafield><datafield ind1="1" ind2="7" tag="785"><subfield code="t">Utah farmer</subfield><subfield code="w">(OCoLC)367536043</subfield></datafield><datafield ind1="4" ind2="1" tag="856"><subfield code="u">http://www.loc.gov/chroniclingamerica/lccn/2010218520/issues</subfield></datafield><datafield ind1=" " ind2=" " tag="938"><subfield code="a">Kirtas Technologies, Inc.</subfield><subfield code="b">KRTS</subfield><subfield code="n">845338</subfield></datafield></record>